<record><leader>00000cas a22000007a 4500</leader><controlfield tag="001">17505354</controlfield><controlfield tag="008">880219d18871960nyuwr ne      0    0eng d</controlfield><datafield ind1=" " ind2=" " tag="010"><subfield code="a">sn 88074076 </subfield></datafield><datafield ind1=" " ind2=" " tag="040"><subfield code="a">NYS</subfield><subfield code="b">eng</subfield><subfield code="c">NYS</subfield><subfield code="d">OCLCQ</subfield></datafield><datafield ind1=" " ind2=" " tag="042"><subfield code="a">msc</subfield></datafield><datafield ind1="0" ind2=" " tag="130"><subfield code="a">Naples record (Naples, N.Y. : 1887)</subfield></datafield><datafield ind1="1" ind2="0" tag="245"><subfield code="a">Naples record.</subfield></datafield><datafield ind1=" " ind2=" " tag="260"><subfield code="a">Naples, N.Y. :</subfield><subfield code="b">J.S. Tellier,</subfield><subfield code="c">1887-1960.</subfield></datafield><datafield ind1=" " ind2=" " tag="300"><subfield code="a">v.</subfield></datafield><datafield ind1=" " ind2=" " tag="310"><subfield code="a">Weekly</subfield></datafield><datafield ind1="0" ind2=" " tag="362"><subfield code="a">Vol. 19, no. 40 (Oct. 5, 1887)-v. 92, no. 27 (July 6, 1960).</subfield></datafield><datafield ind1=" " ind2=" " tag="515"><subfield code="a">Retains consecutive numbering of Neapolitan record, but not volume numbering.</subfield></datafield><datafield ind1=" " ind2="4" tag="651"><subfield code="a">Naples (N.Y.)</subfield><subfield code="v">Newspapers.</subfield></datafield><datafield ind1=" " ind2=" " tag="752"><subfield code="a">United States</subfield><subfield code="b">New York</subfield><subfield code="c">Ontario</subfield><subfield code="d">Naples.</subfield></datafield><datafield ind1="0" ind2="0" tag="780"><subfield code="t">Neapolitan record</subfield><subfield code="w">(DLC)sn 88074479</subfield></datafield><datafield ind1="1" ind2=" " tag="029"><subfield code="a">AU@</subfield><subfield code="b">000025829810</subfield></datafield></record>